@book{newman10,
    author = "Mark Newman",
    title = "Networks: An Introduction",
    year = 2010,
} 

@inproceedings{konect,
	title = {{KONECT} -- {The} {Koblenz} {Network} {Collection}},
	author = {Jérôme Kunegis},
	year = {2013},
	booktitle = {Proc. Int. Conf. on World Wide Web Companion},
	pages = {1343--1350},
	url = {http://dl.acm.org/citation.cfm?id=2488173},
	url_presentation = {https://www.slideshare.net/kunegis/presentationwow},
	url_web = {http://konect.cc/},
	url_citations = {https://scholar.google.com/scholar?cites=7174338004474749050},
}

@misc{konect:2017:ucidata-zachary,
    title = {Zachary karate club network dataset -- {KONECT}},
    month = oct,
    year = {2017},
    url = {http://konect.cc/networks/ucidata-zachary}
}

@article{konect:ucidata-zachary,
	author = {Wayne Zachary},
	year = {1977},
	title = {An Information Flow Model for Conflict and Fission in Small Groups},
	journal = {J. of Anthropol. Res.},
	volume = {33},
	pages = {452--473},
}

@article{konect:ucidata-zachary,
	author = {Wayne Zachary},
	year = {1977},
	title = {An Information Flow Model for Conflict and Fission in Small Groups},
	journal = {J. of Anthropol. Res.},
	volume = {33},
	pages = {452--473},
}

@InProceedings{SciPyProceedings_11,
    author = {Aric A. Hagberg and Daniel A. Schult and Pieter J. Swart},
    title = {Exploring Network Structure, Dynamics, and Function using NetworkX},
    booktitle = {Proceedings of the 7th Python in Science Conference},
    pages = {11 - 15},
    address = {Pasadena, CA USA},
    year = {2008},
    editor = {Ga\"el Varoquaux and Travis Vaught and Jarrod Millman},
}

@article{kobourov12,
    author = "Stephen G. Kobourov",
    title = "Spring Embedders and Force Directed Graphs",
    year = 2012,
    url = "https://arxiv.org/pdf/1201.3011.pdf",
}

@article{zachary77,
    author = "Wane W. Zachary",
    title = "An Information Flow Model for Conflict in Small Groups",
    year = 1977,
    url = "https://www.jstor.org/stable/3629752"
}

@misc{konect:2017:opsahl-southernwomen,
    title = {Southern women (Opsahl) network dataset -- {KONECT}},
    month = oct,
    year = {2017},
    url = {http://konect.cc/networks/opsahl-southernwomen}
}

@book{konect:southernwomen,
	title = {Deep South; a Social Anthropological Study of Caste and Class},
	author = {Davis, Allison and Gardner, Burleigh B. and Gardner, Mary R.},
	publisher = {The Univ. of Chicago Press},
	year = {1941},
}

@book{konect:southernwomen,
	title = {Deep South; a Social Anthropological Study of Caste and Class},
	author = {Davis, Allison and Gardner, Burleigh B. and Gardner, Mary R.},
	publisher = {The Univ. of Chicago Press},
	year = {1941},
}


@inproceedings{konect,
	title = {{KONECT} -- {The} {Koblenz} {Network} {Collection}},
	author = {Jérôme Kunegis},
	year = {2013},
	booktitle = {Proc. Int. Conf. on World Wide Web Companion},
	pages = {1343--1350},
	url = {http://dl.acm.org/citation.cfm?id=2488173},
	url_presentation = {https://www.slideshare.net/kunegis/presentationwow},
	url_web = {http://konect.cc/},
	url_citations = {https://scholar.google.com/scholar?cites=7174338004474749050},
}

